@book{Munzner:2014,
  author = {Tamara Munzner},
  title = {Visualization Analysis and Design},
  series = {A K Peters Visualization Series},
  year = 2014,
  publisher = {CRC Press},
	isbn = {9781466508934}
}

@inproceedings{Kelly:2016,
 author = {Kelly, Ryan and Watts, Leon and Payne, Stephen J.},
 title = {Can Visualization of Contributions Support Fairness in Collaboration?: Findings from Meters in an Online Game},
 booktitle = {Proceedings of the 19th ACM Conference on Computer-Supported Cooperative Work \& Social Computing},
 series = {CSCW '16},
 year = {2016},
 isbn = {978-1-4503-3592-8},
 location = {San Francisco, California, USA},
 pages = {664--678},
 numpages = {15},
 url = {http://doi.acm.org/10.1145/2818048.2819977},
 doi = {10.1145/2818048.2819977},
 acmid = {2819977},
 publisher = {ACM},
 address = {New York, NY, USA},
 keywords = {Awareness, Fairness, Social Coordination, World of Warcraft}
}
